@article{humer2013bedeutung,
  title={{\"U}ber die Bedeutung von Kapitaleinkommen f{\"u}r die Einkommensverteilung {\"O}sterreichs},
  author={Humer, Stefan and Moser, Mathias and Schnetzer, Matthias and Ertl, Michael and Kilic, Atila},
  journal={Wirtschaft und Gesellschaft},
  volume={39},
  number={4},
  pages={571--586},
  year={2013},
  publisher={Kammer f{\"u}r Arbeiter und Angestellte f{\"u}r Wien}
}

@books{europe2020,
  title={Smarter, greener, more inclusive?: indicators to support the Europe 2020 strategy},
  author={Statistisches Amt Europ{\"a}ische Kommission, },
  year={2016},
  publisher={Publications Office of the European Union}
}

@book{oecd2008growing,
  title={Growing unequal?: Income distribution and poverty in OECD countries},
  author={OECD},
  year={2008}
}

@book{oecd2015together,
  title={In it together: Why less inequality benefits all},
  author={OECD},
  year={2015},
  publisher={OECD publishing}
}

@online{eurostatweb,
  author = {Eurostat},
  title = {Statistik der Europäischen Union über Einkommen und Lebensbedingungen (EU-SILC)},
  url = {https://ec.europa.eu/eurostat/web/microdata/european-union-statistics-on-income-and-living-conditions},
  urldate = {2019-01-02}
}

@manual{silcmanual,
	title		= {Description of target variables: Cross-sectional and Longitudinal},
	author		= {Eurostat},
	year		= {2013},
}

@techreport{cawi,
    author    = {Eurostat},
    title     = {Working Group meeting “Statistics on Living Conditions” 11-13 June},
    institution = {Eurostat},
    address  = {Eurostat Luxembourg, JMO Building, Room M4},
    year      = {2013},
}

@techreport{cawistat,
    author    = {Statistics Denmark},
    title     = {Web-interviewing for the Danish EU-SILC - our experience},
    year      = {2014},
}

@online{statdenm,
  author = {Statistics Denmark},
  title = {Income Statistics Comparability},
  url = {https://www.dst.dk/en/Statistik/dokumentation/documentationofstatistics/income-statistics/comparability},
  urldate = {2019-01-02}
}

@online{statdenm2,
  author = {Statistics Denmark},
  title = {How has Denmark managed since the finansial crisis},
  url = {http://www.nationalbanken.dk/en/publications/themes/Pages/How-has-Denmark-managed-since-the-finansial-crisis.aspx},
  urldate = {2019-01-02}
}


http://www.nationalbanken.dk/en/publications/themes/Pages/How-has-Denmark-managed-since-the-finansial-crisis.aspx



@article{gaard2005two,
  title={Two decades of structural reform in Denmark: a review},
  author={Gaard, Sflren and Kieler, Mads},
  journal={Danish Ministry of Finance Working Paper},
  number={16},
  year={2005}
}

@article{bjorklund2000going,
  title={Going different ways: Labour market policy in Denmark and Sweden},
  author={Bj{\"o}rklund, Anders},
  journal={Why deregulate labour markets},
  pages={148--180},
  year={2000}
}

@Book{oecd2016survey,
  Title = {OECD Economic Surveys: Denmark 2016},
  Author = {OECD},
  Year = {2016},
  Doi = {https://doi.org/https://doi.org/10.1787/eco_surveys-dnk-2016-en},
  Pages = {124},
  Url = {https://www.oecd-ilibrary.org/content/publication/eco_surveys-dnk-2016-en}
}

@Book{oecd2016society,
  Title  = {Society at a Glance 2016},
  Author = {OECD},
  Year   = {2016},
  Doi    = {https://doi.org/https://doi.org/10.1787/9789264261488-en},
  Pages  = {145},
  Url    = {https://www.oecd-ilibrary.org/content/publication/9789264261488-en}
}


@Book{oecd2018taxing,
  Title = {Taxing Wages 2018},
  Author = {OECD},
  Year = {2018},
  Doi = {https://doi.org/https://doi.org/10.1787/tax_wages-2018-en},
  Pages = {596},
  Url = {https://www.oecd-ilibrary.org/content/publication/tax_wages-2018-en}
}

@article{ganghof2007political,
  title={The political economy of high income taxation: capital taxation, path dependence, and political institutions in Denmark},
  author={Ganghof, Steffen},
  journal={Comparative Political Studies},
  volume={40},
  number={9},
  pages={1059--1084},
  year={2007},
  publisher={Sage Publications Sage CA: Los Angeles, CA}
}



